@Book{box_jen/76,
  author = 	 {Box, G. E. P. and Jenkins, G. M.},
  title = 	 {Time Series Analysis - Forecasting and Control},
  OPTchapter = 	 {},
  publisher = 	 {Holden Day},
  year = 	 {1976},
  OPTkey = 	 {},
  OPTeditor = 	 {},
  OPTvolume = 	 {},
  OPTnumber = 	 {},
  OPTseries = 	 {},
  address =	 {San Francisco},
  OPTedition = 	 {},
  OPTmonth = 	 {},
  OPTpages = 	 {},
  OPTtype = 	 {},
  OPTnote = 	 {},
  OPTannote = 	 {}
}

@Book{bri/74,
  author = 	 {Brigham, E. O.},
  title = 	 {The Fast Fourier Transform},
  OPTchapter = 	 {},
  publisher = 	 {Prentice-Hall},
  year = 	 {1974},
  OPTkey = 	 {},
  OPTeditor = 	 {},
  OPTvolume = 	 {},
  OPTnumber = 	 {},
  OPTseries = 	 {},
  address =	 {Englewood Cliffs},
  OPTedition = 	 {},
  OPTmonth = 	 {},
  OPTpages = 	 {},
  OPTtype = 	 {},
  OPTnote = 	 {},
  OPTannote = 	 {}
}


@article{eggert2002response,
  title={Response tables from industry members of {ASME}â€™s Design Engineering Division and the Manufacturing Engineering Division - {E}ngineering Design Education: Surveys of Demand and Supply},
  author={Eggert, Rudy J},
  journal={Boise State University},
  year={2002}
}

@article{spretnak1982survey,
  title={A Survey of the Frequency and Importance of Technical Communication in an Engineering Career.},
  author={Spretnak, Charlene M},
  journal={Technical Writing Teacher},
  volume={9},
  number={3},
  pages={133--36},
  year={1982},
  publisher={ERIC}
}

@article{kreth2000survey,
  title={A survey of the co-op writing experiences of recent engineering graduates},
  author={Kreth, Melinda L},
  journal={Professional Communication, IEEE Transactions on},
  volume={43},
  number={2},
  pages={137--152},
  year={2000},
  publisher={IEEE}
}

@article{cunningham2012perceptions,
  title={Perceptions and Practices: A Survey of Professional Engineers and Architects},
  author={Cunningham, Don and Stewart, Jill},
  journal={ISRN Education},
  volume={2012},
  year={2012},
  publisher={Hindawi Publishing Corporation}
}